@article{LoremIpsum2015a,
  title        = {Lorem Ipsum Dolor Sit Amet},
  author       = {Author One and Author Two and Author Three and Author Four and Author Five and Author Six and Author Seven and Author Eight and Author Nine and Author Ten},
  year         = 2015,
  journal      = {Archive of Generic Content},
  volume       = 3,
  number       = 100,
  doi          = {10.1234/lorem.2015.100.12345}
}

@article{LoremIpsum2023a,
   author = {Author Eleven and Author Twelve},
   journal = {Journal of Placeholder Studies},
   month = {4},
   title = {Consectetur Adipiscing Elit: Efficient Solutions for Placeholder Problems},
   year = {2023},
}

@article{LoremIpsum2023b,
   author = {Author Thirteen and Author Fourteen},
   journal = {Journal of Fictitious Data},
   month = {6},
   pages = {104639},
   title = {Sed Do Eiusmod Tempor: Machine Learning Approaches to Fictitious Scenarios},
   volume = {181},
   year = {2023},
}